@book{baumgarte2010numerical,
    title={Numerical Relativity: Solving Einstein's Equations on the Computer},
    author={Baumgarte, Thomas W. and Shapiro, Stuart L.},
    year={2010},
    publisher={Cambridge University Press},
    isbn={9780521514071}
}

@article{adm1962dynamics,
    title={The dynamics of general relativity},
    author={Arnowitt, Richard and Deser, Stanley and Misner, Charles W.},
    journal={General Relativity and Gravitation},
    year={2008},
    volume={40},
    number={9},
    pages={1997--2027},
    doi={10.1007/s10714-008-0661-1}
}

@article{alcubierre2008introduction,
    title={Introduction to 3+1 numerical relativity},
    author={Alcubierre, Miguel},
    journal={Lecture Notes in Physics},
    year={2008},
    volume={73},
    publisher={Springer-Verlag},
    doi={10.1007/978-3-540-34392-4}
}

@book{wald1984general,
  author = {Robert M. Wald},
  title = {General Relativity},
  publisher = {University of Chicago Press},
  year = {1984}
}

@book{gourgoulhon2012three,
  author = {Eric Gourgoulhon},
  title = {3+1 Formalism in General Relativity: Bases of Numerical Relativity},
  publisher = {Springer},
  year = {2012},
  series = {Lecture Notes in Physics},
  volume = {846}
}

@article{smarr1978kinematical,
  author = {Larry Smarr and James W. York},
  title = {Kinematical Conditions in the Construction of Spacetime},
  journal = {Physical Review D},
  volume = {17},
  number = {10},
  pages = {2529--2551},
  year = {1978},
  doi = {10.1103/PhysRevD.17.2529}
}

@article{bona1994gauge,
  author = {Carles Bona and Joan Mass{\'o}},
  title = {A Gauge Condition for the Numerical Evolution of Spacetime},
  journal = {Physical Review D},
  volume = {40},
  number = {12},
  pages = {798--801},
  year = {1994},
  doi = {10.1103/PhysRevD.40.798}
}

@article{alcubierre2000standard,
  author = {Miguel Alcubierre and Bernd Br{\"u}gmann and Manuel Miller and William-Michael Suen and Mark Tobias},
  title = {Toward a Standard Testbed for Numerical Relativity},
  journal = {Classical and Quantum Gravity},
  volume = {17},
  number = {10},
  pages = {215--252},
  year = {2000},
  doi = {10.1088/0264-9381/17/10/101}
}

@article{smarr1979structure,
  author = {Larry Smarr and James W. York},
  title = {The Structure of Dynamical Spacetimes},
  journal = {Annals of the New York Academy of Sciences},
  volume = {302},
  number = {1},
  pages = {569--576},
  year = {1979},
  doi = {10.1111/j.1749-6632.1979.tb27941.x}
}

@article{alcubierre2003gauge,
  author = {Miguel Alcubierre and Bernd Br{\"u}gmann and David Pollney and Edward Seidel and Raymond Takahashi},
  title = {Gauge Conditions for Long-term Numerical Black Hole Evolutions without Excision},
  journal = {Physical Review D},
  volume = {67},
  number = {8},
  pages = {084027},
  year = {2003},
  doi = {10.1103/PhysRevD.67.084027}
}

@article{campanelli2006accurate,
  author = {Manuela Campanelli and Carlos O. Lousto and Yosef Zlochower},
  title = {Accurate Evolutions of Orbiting Black-Hole Binaries without Excision},
  journal = {Physical Review D},
  volume = {74},
  number = {4},
  pages = {041501},
  year = {2006},
  doi = {10.1103/PhysRevD.74.041501}
}

@article{baker2006gravitational,
  author = {John G. Baker and Joan Centrella and Deirdre-Irene Choi and Michael Koppitz and James van Meter},
  title = {Gravitational Wave Extraction from an Inspiraling Configuration of Merging Black Holes},
  journal = {Physical Review Letters},
  volume = {96},
  number = {11},
  pages = {111102},
  year = {2006},
  doi = {10.1103/PhysRevLett.96.111102}
}
